<record><leader>00000cas a22000007a 4500</leader><controlfield tag="001">14222517</controlfield><controlfield tag="008">860916d18821884txudr ne      0    0eng d</controlfield><datafield ind1=" " ind2=" " tag="010"><subfield code="a">sn 86089248 </subfield></datafield><datafield ind1=" " ind2=" " tag="040"><subfield code="a">PPM</subfield><subfield code="b">eng</subfield><subfield code="c">PPM</subfield><subfield code="d">DLC</subfield><subfield code="d">OCLCQ</subfield></datafield><datafield ind1=" " ind2=" " tag="042"><subfield code="a">msc</subfield></datafield><datafield ind1="0" ind2="4" tag="245"><subfield code="a">The Daily print.</subfield></datafield><datafield ind1=" " ind2=" " tag="260"><subfield code="a">Galveston, Tex. :</subfield><subfield code="b">Sam Joyner</subfield></datafield><datafield ind1=" " ind2=" " tag="300"><subfield code="a">v. :</subfield><subfield code="b">ill. ;</subfield><subfield code="c">60 cm.</subfield></datafield><datafield ind1=" " ind2=" " tag="310"><subfield code="a">Daily (except Sun.)</subfield></datafield><datafield ind1="1" ind2=" " tag="362"><subfield code="a">Began in 1882?</subfield></datafield><datafield ind1=" " ind2=" " tag="500"><subfield code="a">"Official journal of the city of Galveston."</subfield></datafield><datafield ind1=" " ind2=" " tag="588"><subfield code="a">Description based on: Vol. 1, no. 44 (Oct. 31, 1882).</subfield></datafield><datafield ind1=" " ind2=" " tag="752"><subfield code="a">United States</subfield><subfield code="b">Texas</subfield><subfield code="c">Galveston</subfield><subfield code="d">Galveston.</subfield></datafield><datafield ind1="0" ind2="0" tag="785"><subfield code="t">Daily record</subfield></datafield></record>